@misc{ABSOLUTE,
    title = {ABSOLUTE tool},
    note = {Online at: \url{http://software.broadinstitute.org/cancer/software/genepattern/modules/docs/ABSOLUTE}},
}

@misc{mm,
    title = {Materijali sa vežbi},
    author = "M. Maljković",
    note = {Online at: \url{http://www.matf.bg.ac.rs/p/mirjana/kurs/606/istrazivanje-podataka-1/}},
}

@misc{podaci,
    title = {CCLE\_ABSOLUTE\_combined\_20181227},
    note = {Online at: \url{https://portals.broadinstitute.org/ccle/data}},
}

@misc{SNP,
    title = {SNP Genotyping},
    note = {Online at: \url{https://en.wikipedia.org/wiki/SNP_genotyping}},
}

@misc{subclonal,
    title = {Tumor heterogenity},
    note = {Online at: \url{https://en.wikipedia.org/wiki/Tumour_heterogeneity}},
}
